<?xml version="1.0" encoding="UTF-8"?><collection xmlns="http://www.loc.gov/MARC21/slim"><record><leader>00503nam--2200181-i-4500</leader><controlfield tag="001">000035034</controlfield><controlfield tag="002">20161230</controlfield><controlfield tag="005">20161230201040</controlfield><controlfield tag="008">060222s1000------------r-----000-0-fre-d</controlfield><datafield ind1=" " ind2=" " tag="040"><subfield code="a">IFIN-HH</subfield></datafield><datafield ind1=" " ind2=" " tag="041"><subfield code="a">fre</subfield></datafield><datafield ind1=" " ind2=" " tag="080"><subfield code="a">539.125.4.17(043)</subfield></datafield><datafield ind1="1" ind2=" " tag="100"><subfield code="a">Nikles, Jean-Claude</subfield></datafield><datafield ind1="1" ind2="0" tag="245"><subfield code="a">Etude de la reaction pp-&gt; pi+d entre 398 et 572 mev</subfield><subfield code="b">These</subfield><subfield code="c">Jean-claude nikles</subfield></datafield><datafield ind1=" " ind2=" " tag="260"><subfield code="a">Geneve</subfield><subfield code="b">Faculte Des Sciences</subfield><subfield code="c">1976</subfield></datafield><datafield ind1=" " ind2=" " tag="300"><subfield code="a">VIII+146P</subfield></datafield><datafield ind1=" " ind2=" " tag="852"><subfield code="a">44790</subfield><subfield code="c">539.12</subfield></datafield><datafield ind1=" " ind2=" " tag="CAT"><subfield code="a">Sys</subfield><subfield code="c">20111128</subfield><subfield code="h">133710</subfield></datafield></record></collection>